@article{DGJ+19,
  title={Secure Multi-party Quantum Computation with a Dishonest Majority},
  author={Dulek, Yfke and Grilo, Alex B and Jeffery, Stacey and Majenz, Christian and Schaffner, Christian},
  journal={arXiv preprint arXiv:1909.13770},
  year={2019}
}

@inproceedings{CliffordCodes,
	author = {Aharonov, Dorit and Ben-Or, Michael and Eban, Elad},
	year = {2010},
	month = {01},
	pages = {453-469},
	title = {Interactive Proofs For Quantum Computations},
	crossref = {ICS2010}
}

@proceedings{ICS2010,
	added-at = {2011-10-01T05:08:36.000+0200},
	bibsource = {DBLP, http://dblp.uni-trier.de},
	biburl = {https://www.bibsonomy.org/bibtex/23a748ad428868effc07d92b2ef34f620/ytyoun},
	editor = {Yao, Andrew Chi-Chih},
	interhash = {eaf0e597a74c2da9042bbbcabe590975},
	intrahash = {3a748ad428868effc07d92b2ef34f620},
	isbn = {978-7-302-21752-7},
	keywords = {2010 proceedings},
	publisher = {Tsinghua University Press},
	timestamp = {2015-12-12T12:06:27.000+0100},
	booktitle = {Innovations in Computer Science - ICS 2010, Tsinghua University,
		Beijing, China, January 5-7, 2010. Proceedings},
	year = 2010
}


@article{DNS10, title={Secure Two-Party Quantum Evaluation of Unitaries against Specious Adversaries}, DOI={10.1007/978-3-642-14623-7_37}, journal={Advances in Cryptology – CRYPTO 2010 Lecture Notes in Computer Science}, author={Dupuis, Frédéric and Nielsen, Jesper Buus and Salvail, Louis}, year={2010}, pages={685–706}}

@article{magic_state, title={Universal Quantum Computation with ideal Clifford gates and noisy ancillas}, DOI={10.1103/PhysRevA.71.022316}, journal={Physical Review A}, author={Bravyi, Sergei and Kitaev, Alexei}, year={2005}}

@InCollection{BGS13,
	author    = {Anne Broadbent and Gus Gutoski and Douglas Stebila},
	title     = {Quantum One-Time Programs},
	booktitle = {Advances in Cryptology {\textendash} {CRYPTO} 2013},
	publisher = {Springer Berlin Heidelberg},
	year      = {2013},
	pages     = {344--360},
	doi       = {10.1007/978-3-642-40084-1_20},
}

@inproceedings{DNS12,
  title={Actively secure two-party evaluation of any quantum operation},
  author={Dupuis, Fr{\'e}d{\'e}ric and Nielsen, Jesper Buus and Salvail, Louis},
  booktitle={Annual Cryptology Conference},
  pages={794--811},
  year={2012},
  organization={Springer}
}

@article{magic_circuits, title={Quantum Fully Homomorphic Encryption with Verification}, DOI={10.1007/978-3-319-70694-8_16}, journal={Advances in Cryptology – ASIACRYPT 2017 Lecture Notes in Computer Science}, author={Alagic, Gorjan and Dulek, Yfke and Schaffner, Christian and Speelman, Florian}, year={2017}, pages={438–467}}

@InProceedings{BCG+02,
  author    = {H. Barnum and C. Crepeau and D. Gottesman and A. Smith and A. Tapp},
  title     = {Authentication of quantum messages},
  booktitle = {The 43rd Annual {IEEE} Symposium on Foundations of Computer Science, 2002. Proceedings.},
  year      = {2002},
  publisher = {{IEEE} Comput. Soc},
  doi       = {10.1109/sfcs.2002.1181969},
}
